<record><leader>00000cas a22000007a 4500</leader><controlfield tag="001">14879356</controlfield><controlfield tag="008">861126d18871907pauwr ne      0    0eng d</controlfield><datafield ind1=" " ind2=" " tag="010"><subfield code="a">sn 86082045 </subfield></datafield><datafield ind1=" " ind2=" " tag="040"><subfield code="a">NPH</subfield><subfield code="b">eng</subfield><subfield code="c">NPH</subfield><subfield code="d">OCLCQ</subfield></datafield><datafield ind1=" " ind2=" " tag="042"><subfield code="a">msc</subfield></datafield><datafield ind1="0" ind2="4" tag="245"><subfield code="a">The Somerset County Democrat.</subfield></datafield><datafield ind1="3" ind2="0" tag="246"><subfield code="a">Somerset Democrat</subfield></datafield><datafield ind1=" " ind2=" " tag="260"><subfield code="a">Somerset, Pa. :</subfield><subfield code="b">A.H. Coffroth,</subfield><subfield code="c">-1907.</subfield></datafield><datafield ind1=" " ind2=" " tag="300"><subfield code="a">v.</subfield></datafield><datafield ind1=" " ind2=" " tag="310"><subfield code="a">Weekly</subfield></datafield><datafield ind1="1" ind2=" " tag="362"><subfield code="a">Began in 1887?</subfield></datafield><datafield ind1="0" ind2=" " tag="362"><subfield code="a">-v. 53, no. 36 (Mar. 20, 1907).</subfield></datafield><datafield ind1=" " ind2=" " tag="500"><subfield code="a">Published every Wednesday morning.</subfield></datafield><datafield ind1=" " ind2=" " tag="588"><subfield code="a">Description based on: Vol. 35, no. 14 (Oct. 10, 1888).</subfield></datafield><datafield ind1=" " ind2=" " tag="752"><subfield code="a">United States</subfield><subfield code="b">Pennsylvania</subfield><subfield code="c">Somerset</subfield><subfield code="d">Somerset.</subfield></datafield><datafield ind1="0" ind2="0" tag="780"><subfield code="t">Somerset Democrat (Somerset, Pa. : 1854)</subfield><subfield code="w">(DLC)sn 85054938</subfield></datafield><datafield ind1="0" ind2="0" tag="785"><subfield code="t">Somerset Democrat (Somerset, Pa. : 1907)</subfield></datafield></record>